@online{vcs,
    title       = {Version Control},
    url         = {https://en.wikipedia.org/wiki/Version_control},
    urldate     = {2025-07-04},
    hyphenation = {russian}
}

@online{git,
    title       = {Git},
    url         = {https://git-scm.com/},
    urldate     = {2025-07-04},
    hyphenation = {russian}
}

@online{github,
    title       = {GitHub},
    url         = {https://github.com/},
    urldate     = {2025-07-04},
    hyphenation = {russian}
}

@online{gitlab,
    title       = {About GitLab},
    url         = {https://about.gitlab.com/},
    urldate     = {2025-07-04},
    hyphenation = {russian}
}

@online{bitbucket,
    title       = {BitBucket},
    url         = {https://bitbucket.org/product/},
    urldate     = {2025-07-04},
    hyphenation = {russian}
}

@online{ci-cd,
    title       = {CI/CD},
    url         = {https://en.wikipedia.org/wiki/CI/CD},
    urldate     = {2025-07-04},
    hyphenation = {russian}
}

@online{mindbox,
    title       = {Mindbox},
    url         = {https://mindbox.ru/},
    urldate     = {2025-07-04},
    hyphenation = {russian}
}

@online{yc-managed-gitlab,
    title       = {Yandex Managed Service for GitLab},
    url         = {https://yandex.cloud/en/services/managed-gitlab},
    urldate     = {2025-07-04},
    hyphenation = {russian}
}

@online{samokat-conference-talk,
    title       = {DevOps Conf: Бесплатный гитлаб бывает только в мышеловке (и у нас)},
    url         = {https://devopsconf.io/moscow/2025/abstracts/14152},
    urldate     = {2025-07-05},
    hyphenation = {russian}
}

@online{yc-runners-article,
    title       = {Импортозамещение облаков: как настроить GitLab Runner в Yandex Cloud и не обанкротиться},
    url         = {https://ruitunion.org/posts/2022-11-02-gitlab-runners-in-yandex-cloud/},
    urldate     = {2025-07-05},
    hyphenation = {russian}
}

@online{gl-runners,
    title       = {GitLab Runners},
    url         = {https://docs.gitlab.com/ci/runners/},
    urldate     = {2025-07-05},
    hyphenation = {russian}
}

@online{yc,
    title       = {Yandex Cloud},
    url         = {https://yandex.cloud/ru},
    urldate     = {2025-07-05},
    hyphenation = {russian}
}

@online{official-gl-migrator,
    title       = {Import your project from GitHub to GitLab},
    url         = {https://docs.gitlab.com/user/project/import/github/},
    urldate     = {2025-07-05},
    hyphenation = {russian}
}

@online{gh-actions-importer,
    title       = {gh-actions-importer},
    url         = {https://github.com/github/gh-actions-importer},
    urldate     = {2025-07-05},
    hyphenation = {russian}
}

@online{gh-rest-api,
    title       = {GitHub REST API},
    url         = {https://docs.github.com/en/rest},
    urldate     = {2025-07-05},
    hyphenation = {russian}
}

@online{gl-components,
    title       = {GitLab CI/CD components},
    url         = {https://docs.gitlab.com/ci/components/},
    urldate     = {2025-07-05},
    hyphenation = {russian}
}

@online{podlodka-podcast,
    title       = {Podlodka #190 —Обязательные знания для программиста},
    url         = {https://podlodka.io/190},
    urldate     = {2025-07-05},
    hyphenation = {russian}
}

@online{fsm,
    title       = {Podlodka #190 —Обязательные знания для программиста},
    url         = {https://en.wikipedia.org/wiki/Finite-state_machine},
    urldate     = {2025-07-05},
    hyphenation = {russian}
}

@online{idempotence,
    title       = {Idempotence},
    url         = {https://en.wikipedia.org/wiki/Idempotence},
    urldate     = {2025-07-05},
    hyphenation = {russian}
}

@online{cac,
    title       = {Configuration-as-Code: Trends and Predictions for 2024},
    url         = {https://devops.com/configuration-as-code-trends-and-predictions-for-2024},
    urldate     = {2025-07-05},
    hyphenation = {russian}
}

@online{bash,
    title       = {Bash (Unix shell)},
    url         = {https://en.wikipedia.org/wiki/Bash_(Unix_shell)},
    urldate     = {2025-07-06},
    hyphenation = {russian}
}

@online{gitlab-ci-yaml,
    title       = {GitLab CI/CD YAML syntax reference},
    url         = {https://docs.gitlab.com/ci/yaml/},
    urldate     = {2025-07-06},
    hyphenation = {russian}
}

@online{downstream-pipeline,
    title       = {GitLab Downstream Pipeline},
    url         = {https://docs.gitlab.com/ci/pipelines/downstream_pipelines/},
    urldate     = {2025-07-06},
    hyphenation = {russian}
}

@online{molecule,
    title       = {Molecule},
    url         = {https://ansible.readthedocs.io/projects/molecule/},
    urldate     = {2025-07-06},
    hyphenation = {russian}
}

@online{ansible-roles,
    title       = {Ansible Roles},
    url         = {https://docs.ansible.com/ansible/latest/playbook_guide/playbooks_reuse_roles.html},
    urldate     = {2025-07-06},
    hyphenation = {russian}
}
